% Encoding: UTF-8



@misc{Maestre,
    AUTHOR = {Maestre, N.},
     TITLE = {As\'{i} termin\'o el sue\~no de las matem\'aticas infalibles (y de paso, naci\'o la computaci\'on moderna),  OpenMind BBVA de},
  howpublished={Open Mind BBVA \url{https://www.bbvaopenmind.com/ciencia/matematicas/asi-termino-el-sueno-de-las-matematicas-infalibles}},
  YEAR={2018, Septiembre 20},
}

@misc{Paez,
    AUTHOR = {{P\'aez, Mar\'{i}a [ICMAT Communication]}},
     TITLE = {{Revoluciones Matemáticas – Capítulo 4: Los límites de las matemáticas [Video]}},
  howpublished={Recuperado de \url{https://www.youtube.com/watch?v=ntlIA0KwJ_Q}},
  YEAR={2019, Septiembre 19},
}

@misc{Pais,
    AUTHOR = {{Pais, Ana. [BBC News Mundo]}},
     TITLE = {{¿Qué es el infinito? El video que te ayudará a entederlo en 4 minutos [Video]}},
  howpublished={Recuperado de \url{https://www.youtube.com/watch?v=SZY7ugs_DvI}},
  YEAR={2019, Agosto 2},
}

@misc{Cabezon,
    AUTHOR = {Cabezón, E. [Derivando]},
     TITLE = {{¿Qué es una máquina de Turing?, [Video].}},
  howpublished={Recuperado de \url{https://www.youtube.com/watch?v=iaXLDz_UeYY}},
  YEAR={2018, Enero 10},
}

@misc{Ecured,
    AUTHOR = {Ecured},
     TITLE = {{Computación}},
 howpublished={Recuperado de \url{https://www.ecured.cu/index.php?title=Computaci\%C3%B3n&action=info},
}

@article{Crespo,
AUTHOR={Crespo Ostria, Luís},
TITLE={{KURT G\"ODEL, GIGANTE DE LA L\'OGICA}},
JOURNAL={Fides et Ratio - Revista de Difusión cultural y científica           de la Universidad La Salle en Bolivia},
howpublished={Recuperado de 27 de marzo de 2020      \url{http://www.scielo.org.bo/scielo.php?script=sci_arttext&pid=S2071-081X2008000100004&lng=es&tlng=es}},
VOLUME={2},
NUMBER={2},
PAGES={20-28},
YEAR={2008, Septiembre},
}




